@article{arcReactor,
	author = {"Tony Stark"},
	title = {"Arc Reactor"},
	journaltitle = {"Stark Industries"},
}

@article{ultron,
	author = {"Tony Stark"},
	title = {"Ultron"},
	journaltitle = {"S.H.I.E.L.D."},
	date = {2018},
}

@article{bruce,
	author = {"Bruce Wayne"},
	title = {"Bat Pod"},
	journaltitle = {"Gotham Journals"},
}

@INPROCEEDINGS{7894533, 
	author={J. Singh and M. Singh}, 
	booktitle={2016 International Conference System Modeling Advancement in Research Trends (SMART)}, 
	title={Evolution in Quantum Computing}, 
	year={2016}, 
	volume={}, 
	number={}, 
	pages={267-270}, 
	keywords={quantum computing;quantum entanglement;quantum computing;quantum computer;quantum mechanics;quantum superposition;quantum entanglement;quantum tunneling;quantum annealing;Quantum computing;Computers;Quantum entanglement;Information theory;Evolutionary computation;Quantum Computing;Quantum Bits;Quantum Information Theory;Quantum Computers;Quantum-Inspired Evolutionary Algorithm;Quantum Entanglement and Quantum Superposition}, 
	doi={10.1109/SYSMART.2016.7894533}, 
	ISSN={}, 
	month={Nov},
}